<record><leader>00000cas a22000007a 4500</leader><controlfield tag="001">16965419</controlfield><controlfield tag="008">871111d19621963iaucr ne      0    0eng d</controlfield><datafield ind1=" " ind2=" " tag="010"><subfield code="a">sn 87057062 </subfield></datafield><datafield ind1=" " ind2=" " tag="040"><subfield code="a">INP</subfield><subfield code="b">eng</subfield><subfield code="c">INP</subfield><subfield code="d">OCLCQ</subfield></datafield><datafield ind1=" " ind2=" " tag="042"><subfield code="a">msc</subfield></datafield><datafield ind1="0" ind2="4" tag="245"><subfield code="a">The Twice-a-week Floyd Valley news.</subfield></datafield><datafield ind1="1" ind2="7" tag="246"><subfield code="a">Floyd Valley news</subfield></datafield><datafield ind1=" " ind2=" " tag="260"><subfield code="a">Le Mars, Iowa :</subfield><subfield code="b">Le Mars Daily Sentinel,</subfield><subfield code="c">1962-1963.</subfield></datafield><datafield ind1=" " ind2=" " tag="300"><subfield code="a">2 v.</subfield></datafield><datafield ind1=" " ind2=" " tag="310"><subfield code="a">Semiweekly</subfield></datafield><datafield ind1="0" ind2=" " tag="362"><subfield code="a">Vol. 1, no. 1 (Jan. 1, 1962)-v. 2, no. 70 (Aug. 29, 1963).</subfield></datafield><datafield ind1=" " ind2=" " tag="752"><subfield code="a">United States</subfield><subfield code="b">Iowa</subfield><subfield code="c">Plymouth</subfield><subfield code="d">Le Mars.</subfield></datafield><datafield ind1="0" ind2=" " tag="775"><subfield code="t">Mars daily sentinel (Le Mars, Iowa : 1958)</subfield><subfield code="w">(DLC)sn 85049883</subfield></datafield><datafield ind1="0" ind2="0" tag="785"><subfield code="t">Floyd Valley news</subfield><subfield code="w">(DLC)sn 87057063</subfield></datafield></record>